<record xmlns="http://www.loc.gov/MARC21/slim" xmlns:xsi="http://www.w3.org/2001/XMLSchema-instance" xsi:schemaLocation="http://www.loc.gov/MARC21/slim http://www.loc.gov/standards/marcxml/schema/MARC21slim.xsd"><leader>01781nam a2200337   4500</leader><controlfield tag="001">001676346</controlfield><controlfield tag="003">NNU</controlfield><controlfield tag="006">m        d        </controlfield><controlfield tag="007">cr cn |||m|||a</controlfield><controlfield tag="008">150223s1961    sy      ob    000 0bara d</controlfield><datafield ind1=" " ind2=" " tag="040"><subfield code="a">NNU</subfield><subfield code="b">eng</subfield><subfield code="c">NNU</subfield></datafield><datafield ind1="1" ind2=" " tag="100"><subfield code="6">880-01</subfield><subfield code="a">&#699;Uthm&#257;n, &#699;Abd al-Kar&#299;m</subfield></datafield><datafield ind1="1" ind2="0" tag="245"><subfield code="6">880-02</subfield><subfield code="a">Sirat al-Ghaza&#772;li&#772; wa-aqwa&#772;l al-mutaqaddimi&#772;n fi&#772;h</subfield><subfield code="h">[electronic resource] /</subfield><subfield code="c">jama&#699;ahu wa-h&#803;aqqaqah&#803;u &#699;Abd al-Kari&#772;m al-&#699;Uthma&#772;n ; qaddama lahu Ah&#803;mad Fu&#700;a&#772;d al-Ahwa&#772;ni&#772;.</subfield></datafield><datafield ind1=" " ind2=" " tag="260"><subfield code="6">880-03</subfield><subfield code="a">Dimashq :</subfield><subfield code="b">Da&#772;r al-Fikr,</subfield><subfield code="c">[1961?]</subfield></datafield><datafield ind1=" " ind2=" " tag="300"><subfield code="a">online resource (219 p.)</subfield></datafield><datafield ind1=" " ind2=" " tag="500"><subfield code="a">Part of the Arabic Collections Online (ACO) project, contributed by New York Univeristy Libraries.</subfield></datafield><datafield ind1=" " ind2=" " tag="504"><subfield code="a">Includes bibliographical references (p. 206-216)</subfield></datafield><datafield ind1=" " ind2=" " tag="533"><subfield code="a">Electronic reproduction.</subfield><subfield code="b">New York, N.Y. :</subfield><subfield code="c">New York University,</subfield><subfield code="d">2015.</subfield><subfield code="5">NNU</subfield></datafield><datafield ind1="0" ind2="0" tag="600"><subfield code="6">880-04</subfield><subfield code="a">Ghazza&#772;li&#772;,</subfield><subfield code="d">1058-1111.</subfield></datafield><datafield ind1="1" ind2=" " tag="700"><subfield code="6">880-05</subfield><subfield code="a">Ahwa&#772;ni&#772;, Ah&#803;mad Fu&#700;a&#772;d,</subfield><subfield code="d">-1970.</subfield></datafield><datafield ind1="2" ind2=" " tag="710"><subfield code="a">New York University.</subfield><subfield code="b">Libraries.</subfield></datafield><datafield ind1="0" ind2=" " tag="730"><subfield code="a">Arabic Collections Online.</subfield></datafield><datafield ind1="0" ind2="8" tag="776"><subfield code="i">Print version:</subfield><subfield code="a">&#699;Uthm&#257;n, &#699;Abd al-Kar&#299;m 880-01</subfield><subfield code="t">Sirat al-Ghaza&#772;li&#772; wa-aqwa&#772;l al-mutaqaddimi&#772;n fi&#772;h</subfield><subfield code="w">(NNU)001676346</subfield></datafield><datafield ind1="4" ind2="0" tag="856"><subfield code="u">http://hdl.handle.net/2333.1/4mw6mc7z</subfield></datafield><datafield ind1="1" ind2=" " tag="880"><subfield code="6">100-01/</subfield><subfield code="a">&#1593;&#1579;&#1605;&#1575;&#1606;&#1548; &#1593;&#1576;&#1583; &#1575;&#1604;&#1603;&#1585;&#1610;&#1605;.</subfield></datafield><datafield ind1="1" ind2="0" tag="880"><subfield code="6">245-02/</subfield><subfield code="a">&#1587;&#1610;&#1585;&#1577; &#1575;&#1604;&#1594;&#1586;&#1575;&#1604;&#1610; &#1608;&#1571;&#1602;&#1608;&#1575;&#1604; &#1575;&#1604;&#1605;&#1578;&#1602;&#1583;&#1605;&#1610;&#1606; &#1601;&#1610;&#1607; /</subfield><subfield code="c">&#1580;&#1605;&#1593;&#1607; &#1608;&#1581;&#1602;&#1602;&#1607; &#1593;&#1576;&#1583; &#1575;&#1604;&#1603;&#1585;&#1610;&#1605; &#1575;&#1604;&#1593;&#1579;&#1605;&#1575;&#1606; &#1563; &#1602;&#1583;&#1605; &#1604;&#1607; &#1571;&#1581;&#1605;&#1583; &#1601;&#1572;&#1575;&#1583; &#1575;&#1604;&#1571;&#1607;&#1608;&#1575;&#1606;&#1610;.</subfield></datafield><datafield ind1=" " ind2=" " tag="880"><subfield code="6">260-03/</subfield><subfield code="a">&#1583;&#1605;&#1588;&#1602; :</subfield><subfield code="b">&#1583;&#1575;&#1585; &#1575;&#1604;&#1601;&#1603;&#1585;&#1548;</subfield><subfield code="c">[1961&#1567;]</subfield></datafield><datafield ind1="0" ind2="4" tag="880"><subfield code="6">600-04/</subfield><subfield code="a">&#1594;&#1586;&#1575;&#1604;&#1610;&#1548;</subfield><subfield code="d">1058-1111.</subfield></datafield><datafield ind1="1" ind2=" " tag="880"><subfield code="6">700-05/</subfield><subfield code="a">&#1575;&#1607;&#1608;&#1575;&#1606;&#1610;&#1548; &#1575;&#1581;&#1605;&#1583; &#1601;&#1572;&#1575;&#1583;&#1548;</subfield><subfield code="d">-1970.</subfield></datafield><datafield ind1=" " ind2=" " tag="959"><subfield code="a">NNU</subfield><subfield code="b">WEB</subfield><subfield code="c">GENI</subfield><subfield code="t">0</subfield><subfield code="m">Electronic access</subfield><subfield code="s">01</subfield></datafield><datafield ind1=" " ind2=" " tag="999"><subfield code="i">NNU_001676346</subfield><subfield code="s">nyu_aco000419</subfield></datafield></record>